<?xml version="1.0" encoding="UTF-8"?><record xmlns="http://www.loc.gov/MARC21/slim" xmlns:cinclude="http://apache.org/cocoon/include/1.0" xmlns:zs="http://www.loc.gov/zing/srw/">
  <leader>00425nz  a2200133n  4500</leader>
  <controlfield tag="001">no2003068412</controlfield>
  <controlfield tag="003">DLC</controlfield>
  <controlfield tag="005">20030712071007.0</controlfield>
  <controlfield tag="008">030711n| acannaabn          |n aaa     c</controlfield>
  <datafield tag="010" ind1=" " ind2=" ">
    <subfield code="a">no2003068412</subfield>
  </datafield>
  <datafield tag="035" ind1=" " ind2=" ">
    <subfield code="a">(OCoLC)oca06096814</subfield>
  </datafield>
  <datafield tag="040" ind1=" " ind2=" ">
    <subfield code="a">DI-GS</subfield>
    <subfield code="b">eng</subfield>
    <subfield code="c">DI-GS</subfield>
  </datafield>
  <datafield tag="100" ind1="1" ind2=" ">
    <subfield code="a">Jaromack, Gregory M.</subfield>
  </datafield>
  <datafield tag="670" ind1=" " ind2=" ">
    <subfield code="a">User's guide for the Agricultural Non-Point Source (AGNPS) pollution model data generator, 2003:</subfield>
    <subfield code="b">t.p. (Gregory M. Jaromack)</subfield>
  </datafield>
</record>